<?xml version="1.0" encoding="UTF-8"?><record xmlns="http://www.loc.gov/MARC21/slim" xmlns:cinclude="http://apache.org/cocoon/include/1.0" xmlns:zs="http://www.loc.gov/zing/srw/">
  <leader>00436cz  a2200133n  4500</leader>
  <controlfield tag="001">n  00065664 </controlfield>
  <controlfield tag="003">DLC</controlfield>
  <controlfield tag="005">20050114052303.0</controlfield>
  <controlfield tag="008">000302n| acannaabn          |n aaa      </controlfield>
  <datafield tag="010" ind1=" " ind2=" ">
    <subfield code="a">n  00065664 </subfield>
  </datafield>
  <datafield tag="035" ind1=" " ind2=" ">
    <subfield code="a">(OCoLC)oca05166747</subfield>
  </datafield>
  <datafield tag="040" ind1=" " ind2=" ">
    <subfield code="a">DLC</subfield>
    <subfield code="b">eng</subfield>
    <subfield code="c">DLC</subfield>
    <subfield code="d">Uk</subfield>
    <subfield code="d">NcU</subfield>
  </datafield>
  <datafield tag="100" ind1="1" ind2=" ">
    <subfield code="a">Schwab, Jürgen</subfield>
  </datafield>
  <datafield tag="670" ind1=" " ind2=" ">
    <subfield code="a">Soziokulturelle und ökonomische Aspekte der Entwicklung des alpinen Skisports, 1999:</subfield>
    <subfield code="b">t.p. (Jürgen Schwab) BL AL sent 29 Nov. 2000</subfield>
  </datafield>
</record>